%%%%%%%%%% ARTICOLI %%%%%%%%%%%%%%%%%%%%%%%%%%%%%%%%%%%%%%%%%%%%%%%%%%%%%%%%%%%%%
@article{palmari2024,
title={Optimal execution in a time varying environment: well posedness and price manipulation},
  author={{Palmari, G.} and {Lillo, F.} and {Eisler, Z.}},
  journal={in preparation},
  year={2024}
}

@article{neuman2020,
  title={Optimal signal-adaptive trading with temporary and transient price impact},
  author={{Neuman, E.} and {Vo{\ss}, M.}},
  journal={preprint arXiv:2002.09549},
  year={2020}
}

@article{almgren2012optimal,
  title={Optimal trading with stochastic liquidity and volatility},
  author={Almgren, R.},
  journal={SIAM Journal on Financial Mathematics},
  volume={3},
  number={1},
  pages={163--181},
  year={2012},
  publisher={SIAM}
}

@article{alfonsi2010optimal,
  title={Optimal execution strategies in limit order books with general shape functions},
  author={{Alfonsi, A.} and {Fruth, A.} and {Schied, A.}},
  journal={Quantitative finance},
  volume={10},
  number={2},
  pages={143--157},
  year={2010},
  publisher={Taylor \& Francis}
}

@article{alfonsi,
  title={Optimal trade execution and absence of price manipulations in limit order book models},
  author={{Alfonsi, A.} and {Schied, A.}},
  journal={SIAM Journal on Financial Mathematics},
  volume={1},
  number={1},
  pages={490--522},
  year={2010},
  publisher={SIAM}
}

@article{duration,
title={Stochastic duration and fast coupon bond option pricing in multi-factor models},
author={Munk, C.},
journal={Review of Derivatives Research},
volume={3},
pages={157â€“-181},
year={1999},
publisher={Springer}
}

@article{trick,
title={An exact bond option pricing formula},
author={Jamshidian, F.},
journal={ournal of Finance},
volume={44},
pages={205--209},
year={1989}
}

@incollection{cartea2018portfolio,
  title={Portfolio liquidation and ambiguity aversion},
  author={Cartea, {\'A}lvaro and Donnelly, Ryan and Jaimungal, Sebastian},
  booktitle={High-Performance Computing in Finance},
  pages={77--114},
  year={2018},
  publisher={Chapman and Hall/CRC}
}

@article{horst2022portfolio,
  title={Portfolio liquidation under factor uncertainty},
  author={Horst, Ulrich and Xia, Xiaonyu and Zhou, Chao},
  journal={The Annals of Applied Probability},
  volume={32},
  number={1},
  pages={80--123},
  year={2022},
  publisher={Institute of Mathematical Statistics}
}



@article{donnelly2022optimal,
  title={Optimal execution: A review},
  author={Donnelly, Ryan},
  journal={Applied Mathematical Finance},
  volume={29},
  number={3},
  pages={181--212},
  year={2022},
  publisher={Taylor \& Francis}
}

@article{schied2013robust,
  title={Robust strategies for optimal order execution in the Almgren--Chriss framework},
  author={Schied, Alexander},
  journal={Applied Mathematical Finance},
  volume={20},
  number={3},
  pages={264--286},
  year={2013},
  publisher={Taylor \& Francis}
}



@article{flora2020v,
  title={V-shapes},
  author={{Flora, M.} and {Ren{\`o}, R.}},
  journal={Available at SSRN 3554122},
  year={2020}
}

@article{curato2017optimal,
  title={Optimal execution with non-linear transient market impact},
  author={{Curato, G.} and {Gatheral, J} and {Lillo, F.}},
  journal={Quantitative Finance},
  volume={17},
  number={1},
  pages={41--54},
  year={2017},
  publisher={Taylor \& Francis}
}

@article{gatheral2012transient,
  title={Transient linear price impact and Fredholm integral equations},
  author={{Gatheral, J.} and {Schied, A.} and {Slynko, A.}},
  journal={Mathematical Finance: An International Journal of Mathematics, Statistics and Financial Economics},
  volume={22},
  number={3},
  pages={445--474},
  year={2012},
  publisher={Wiley Online Library}
}

@article{gueant2012optimal,
  title={Optimal portfolio liquidation with limit orders},
  author={{Gueant} and {Lehalle} and {Fernandez-Tapia}},
  journal={SIAM Journal on Financial Mathematics},
  volume={3},
  number={1},
  pages={740--764},
  year={2012},
  publisher={SIAM}
}

@article{bayraktar2014liquidation,
  title={Liquidation in limit order books with controlled intensity},
  author={{Bayraktar, E.} and {Ludkovski, M.}},
  journal={Mathematical Finance},
  volume={24},
  number={4},
  pages={627--650},
  year={2014},
  publisher={Wiley Online Library}
}

@article{almgren,
  title={Optimal execution of portfolio transactions},
  author={{Almgren, R.} and {Chriss, N.}} ,
  journal={Journal of Risk},
  volume={3},
  pages={5--39},
  year={2000}
}
@article{bertsimas,
  title={Optimal control of execution costs},
  author={{Bertsimas, D.} and {Lo, A. W.}},
  journal={Journal of Financial Markets},
  volume={1},
  number={1},
  pages={1--50},
  year={1998},
  publisher={Elsevier}
}
@article{obizhaeva,
  title={Optimal trading strategy and supply/demand dynamics},
  author={{Obizhaeva, A.} and {Wang, J.}},
  journal={Journal of Financial Markets},
  volume={16},
  number={1},
  pages={1--32},
  year={2013},
  publisher={Elsevier}
}

@article{Bl,
author= {Black, F.},
title={The Pricing of Commodity Contracts.},
journal={Journal of Financial Economics},
volume={3},
pages={167-179},
year={1976},
}

@article{cir,
author= {{Cox, J.C.} and {Ingersoll, J.E.} and Ross, S.A.},
title={Theory of The Term Structure of Interest Rates},
journal={Econometrica},
volume={53},
pages={385-408},
year={1985},
}

@article{SABR1,
author= {Bartlett, B.},
title={Hedging under SABR model},
journal={Wilmott},
volume={4},
pages={2-4},
year={2006},
}

@article{SABR2,
author= {Obloj, J.},
title={Fine-tune your smile: Correction to Hagan et al.},
journal={Wilmott},
volume={5},
year={2008},
}
@article{black73,
  title={The pricing of options and corporate liabilities},
  author={{Black, F.} and {Scholes, M}},
  journal={Journal of political economy},
  volume={81},
  number={3},
  pages={637--654},
  year={1973},
  publisher={The University of Chicago Press}
}

@article{vasicek,
  title={An equilibrium characterization of the term structure},
  author={Vasicek, O.},
  journal={Journal of financial economics},
  volume={5},
  number={2},
  pages={177--188},
  year={1977},
  publisher={Elsevier}
}
@article{afraid,
title={Everything You Always Wanted to Know About Multiple Interest Rate Curve Bootstrapping but Were Afraid to Ask},
author={{Ametrano, F.} and {Bianchetti, M.}},
journal={Available at SSRN: https://ssrn.com/abstract=2219548 or http://dx.doi.org/10.2139/ssrn.2219548 },
year={2016}
}
@article{bormetti,
title={Impact of multiple curve dynamics in credit valuation adjustments under collateralization},
author={{Bormetti, G.} and  {Brigo, D.} and {Francischello, M.} and {Pallavicini, A.}},
journal={Quantitative Finance},
volume={18},
pages={31--44},
year={2018}
}
@article{brigo2020,
  title={Price Impact on Term Structure},
  author={{Brigo, D.} and {Graceffa, F.} and {Neuman, E.} and {Anonymous, A.}},
  journal={Available at SSRN 3733907},
  year={2020}
}

@article{HoStoll,
  title={Optimal dealer pricing under transaction and return uncertainty},
  author={{Ho, T.} and {Stoll, H.}},
  volume={9},
  number={1},
  pages={47--73},
  journal={Journal of Financial Economics},
  year={1981}
}

@article{HoStoll2,
  title={The dynamics of dealer markets under competition},
  author={{Ho, T.} and {Stoll, H.}},
  volume={38},
  number={4},
  pages={1053--1074},
  journal={Journal of Finance},
  year={1983}
}

@article{Stoll,
  title={Inferring the components of the bid ask spread},
  author={Stoll, H.},
  volume={44},
  number={1},
  pages={115--134},
  journal={Journal of Finance},
  year={1989}
}

@article{Glosten,
  title={Bid, ask and transaction prices in a specialist market with heterogeneously informed traders},
  author={{Glosten, L.} and {Milgrom, P.}},
  volume={14},
  number={1},
  pages={71--100},
  journal={Journal of Financial Economics},
  year={1985}
}

@article{Carrube,
  title={Optimal portfolio liquidation with execution cost and risk},
  author={{Kharroubi, I.} and {Ph\^am, H.}},
  volume={1},
  pages={897--931},
  journal={SIAM Journal of Financial Mathematics},
  year={2010}
}

@article{mercurio2009,
  title={Interest rates and the credit crunch: new formulas and market models},
  author={Mercurio, F.},
  journal={Bloomberg portfolio research paper},
  number={2010-01},
  year={2009}
}

@article{lehalleneuman,
title={Incorporating signals into optimal trading},
author={{Lehalle, C. A.} and {Neuman, E.}},
journal={Finance and Stochastics},
 year={2019},
 volume={23},
 number={2},
 pages={275--311}
}

@article{pallavicini2013interest,
  title={Interest-rate modelling in collateralized markets: multiple curves, credit-liquidity effects, CCPs},
  author={{Pallavicini, A.} and {Brigo, D.}},
  journal={arXiv preprint arXiv:1304.1397},
  year={2013}
}
@article{falco2020moving,
  title={Moving from IBORs to Alternative Risk Free Rates},
  author={{Falco, V.} and {Bianchetti, M.} and {Cherubini, U.}},
  journal={Available at SSRN 3757940},
  year={2020}
}

@article{bouchard2016almost,
  title={Almost-sure hedging with permanent price impact},
  author={{Bouchard, B.} and {Loeper, G.} and {Zou, Y.}},
  journal={Finance and Stochastics},
  volume={20},
  number={3},
  pages={741--771},
  year={2016},
  publisher={Springer}
}
@article{abergel2013pricing,
  title={Pricing and hedging contingent claims with liquidity costs and market impact},
  author={{Abergel, F.} and {Loeper, G.}},
  journal={Available at SSRN 2239498},
  year={2013}
}
@article{brigo2014varoptimal,
  title={Optimal trade execution under displaced diffusions dynamics across different risk criteria},
  author={Brigo, D. and Graziano, G.},
  journal={Journal of Financial Engineering (JFE)},
  volume={1},
  number={02},
  pages={1--17},
  year={2014},
  publisher={World Scientific Publishing Co. Pte. Ltd.}
}

@article{forsyth2012optimal,
  title={Optimal trade execution: a mean quadratic variation approach},
  author={{Forsyth, P.} and {Kennedy, J.} and {Tse, S.} and {Windcliff, H.}},
  journal={Journal of Economic dynamics and Control},
  volume={36},
  number={12},
  pages={1971--1991},
  year={2012},
  publisher={Elsevier}
}
@article{tse2013comparison,
  title={Comparison between the mean-variance optimal and the mean-quadratic-variation optimal trading strategies},
  author={{Forsyth, P.} and {Kennedy, J.} and {Tse, S.} and {Windcliff, H.}},
  journal={Applied Mathematical Finance},
  volume={20},
  number={5},
  pages={415--449},
  year={2013},
  publisher={Taylor \& Francis}
}

@article{gueant2015general,
  title={General intensity shapes in optimal liquidation},
  author={Gu{\'e}ant, Olivier and Lehalle, Charles Albert},
  journal={Mathematical Finance},
  volume={25},
  number={3},
  pages={457--495},
  year={2015},
  publisher={Wiley Online Library}
}

@article{cartea2016incorporating,
  title={Incorporating order-flow into optimal execution},
  author={Cartea, Alvaro and Jaimungal, Sebastian},
  journal={Mathematics and Financial Economics},
  volume={10},
  pages={339--364},
  year={2016},
  publisher={Springer}
}

@article{casgrain2019trading,
  title={Trading algorithms with learning in latent alpha models},
  author={Casgrain, Philippe and Jaimungal, Sebastian},
  journal={Mathematical Finance},
  volume={29},
  number={3},
  pages={735--772},
  year={2019},
  publisher={Wiley Online Library}
}
@inproceedings{nevmyvaka2006reinforcement,
  title={Reinforcement learning for optimized trade execution},
  author={Nevmyvaka, Yuriy and Feng, Yi and Kearns, Michael},
  booktitle={Proceedings of the 23rd international conference on Machine learning},
  pages={673--680},
  year={2006}
}

@inproceedings{hendricks2014reinforcement,
  title={A reinforcement learning extension to the Almgren-Chriss framework for optimal trade execution},
  author={Hendricks, Dieter and Wilcox, Diane},
  booktitle={2014 IEEE Conference on Computational Intelligence for Financial Engineering \& Economics (CIFEr)},
  pages={457--464},
  year={2014},
  organization={IEEE}
}

@article{watkins1992q,
  title={Q-learning},
  author={Watkins, Christopher JCH and Dayan, Peter},
  journal={Machine learning},
  volume={8},
  pages={279--292},
  year={1992},
  publisher={Springer}
}

@article{mnih2013playing,
  title={Playing atari with deep reinforcement learning},
  author={Mnih, Volodymyr and Kavukcuoglu, Koray and Silver, David and Graves, Alex and Antonoglou, Ioannis and Wierstra, Daan and Riedmiller, Martin},
  journal={arXiv preprint arXiv:1312.5602},
  year={2013}
}

@inproceedings{van2016deep,
  title={Deep reinforcement learning with double q-learning},
  author={Van Hasselt, Hado and Guez, Arthur and Silver, David},
  booktitle={Proceedings of the AAAI conference on artificial intelligence},
  volume={30},
  number={1},
  year={2016}
}

@article{ning2021double,
  title={Double deep q-learning for optimal execution},
  author={Ning, Brian and Lin, Franco Ho Ting and Jaimungal, Sebastian},
  journal={Applied Mathematical Finance},
  volume={28},
  number={4},
  pages={361--380},
  year={2021},
  publisher={Taylor \& Francis}
}

@article{jeong2019improving,
  title={Improving financial trading decisions using deep Q-learning: Predicting the number of shares, action strategies, and transfer learning},
  author={Jeong, Gyeeun and Kim, Ha Young},
  journal={Expert Systems with Applications},
  volume={117},
  pages={125--138},
  year={2019},
  publisher={Elsevier}
}

@article{daberius2019deep,
  title={Deep execution-value and policy based reinforcement learning for trading and beating market benchmarks},
  author={Dab{\'e}rius, Kevin and Granat, Elvin and Karlsson, Patrik},
  journal={Available at SSRN 3374766},
  year={2019}
}

@article{sun2023reinforcement,
  title={Reinforcement learning for quantitative trading},
  author={Sun, Shuo and Wang, Rundong and An, Bo},
  journal={ACM Transactions on Intelligent Systems and Technology},
  volume={14},
  number={3},
  pages={1--29},
  year={2023},
  publisher={ACM New York, NY}
}

@article{hambly2021recent,
  title={Recent advances in reinforcement learning in finance},
  author={Hambly, Ben and Xu, Renyuan and Yang, Huining},
  journal={arXiv preprint arXiv:2112.04553},
  year={2021}
}

@article{gatheral2010no,
  title={No-dynamic-arbitrage and market impact},
  author={Gatheral, Jim},
  journal={Quantitative finance},
  volume={10},
  number={7},
  pages={749--759},
  year={2010},
  publisher={Taylor \& Francis}
}

@article{huberman2004price,
  title={Price manipulation and quasi-arbitrage},
  author={Huberman, Gur and Stanzl, Werner},
  journal={Econometrica},
  volume={72},
  number={4},
  pages={1247--1275},
  year={2004},
  publisher={Wiley Online Library}
}

@article{abernethy2013adaptive,
  title={Adaptive market making via online learning},
  author={Abernethy, Jacob and Kale, Satyen},
  journal={Advances in Neural Information Processing Systems},
  volume={26},
  year={2013}
}

@inproceedings{kumar2020deep,
  title={Deep reinforcement learning for market making},
  author={Kumar, Pankaj},
  booktitle={Proceedings of the 19th International Conference on Autonomous Agents and MultiAgent Systems},
  pages={1892--1894},
  year={2020}
}


@article{yu2019model,
  title={Model-based deep reinforcement learning for dynamic portfolio optimization},
  author={Yu, Pengqian and Lee, Joon Sern and Kulyatin, Ilya and Shi, Zekun and Dasgupta, Sakyasingha},
  journal={arXiv preprint arXiv:1901.08740},
  year={2019}
}

@article{kearns2013machine,
  title={Machine learning for market microstructure and high frequency trading},
  author={Kearns, Michael and Nevmyvaka, Yuriy},
  journal={High Frequency Trading: New Realities for Traders, Markets, and Regulators},
  year={2013},
  publisher={Risk Books: London, UK}
}

@article{wei2019model,
  title={Model-based reinforcement learning for predictions and control for limit order books},
  author={Wei, Haoran and Wang, Yuanbo and Mangu, Lidia and Decker, Keith},
  journal={arXiv preprint arXiv:1910.03743},
  year={2019}
}

@article{briola2021deep,
  title={Deep reinforcement learning for active high frequency trading},
  author={Briola, Antonio and Turiel, Jeremy and Marcaccioli, Riccardo and Aste, Tomaso},
  journal={arXiv preprint arXiv:2101.07107},
  year={2021}
}

@inproceedings{karpe2020multi,
  title={Multi-agent reinforcement learning in a realistic limit order book market simulation},
  author={Karpe, Micha{\"e}l and Fang, Jin and Ma, Zhongyao and Wang, Chen},
  booktitle={Proceedings of the First ACM International Conference on AI in Finance},
  pages={1--7},
  year={2020}
}

@article{schnaubelt2022deep,
  title={Deep reinforcement learning for the optimal placement of cryptocurrency limit orders},
  author={Schnaubelt, Matthias},
  journal={European Journal of Operational Research},
  volume={296},
  number={3},
  pages={993--1006},
  year={2022},
  publisher={Elsevier}
}

@article{kyle1985continuous,
  title={Continuous auctions and insider trading},
  author={Kyle, Albert S},
  journal={Econometrica: Journal of the Econometric Society},
  pages={1315--1335},
  year={1985},
  publisher={JSTOR}
}
@article{jaisson2022deep,
  title={Deep differentiable reinforcement learning and optimal trading},
  author={Jaisson, Thibault},
  journal={Quantitative Finance},
  volume={22},
  number={8},
  pages={1429--1443},
  year={2022},
  publisher={Taylor \& Francis}
}

@article{obizhaeva2013optimal,
  title={Optimal trading strategy and supply/demand dynamics},
  author={Obizhaeva, Anna A and Wang, Jiang},
  journal={Journal of Financial markets},
  volume={16},
  number={1},
  pages={1--32},
  year={2013},
  publisher={Elsevier}
}

@article{fouque2022optimal,
  title={Optimal trading with signals and stochastic price impact},
  author={Fouque, Jean-Pierre and Jaimungal, Sebastian and Saporito, Yuri F},
  journal={SIAM Journal on Financial Mathematics},
  volume={13},
  number={3},
  pages={944--968},
  year={2022},
  publisher={SIAM}
}


@article{mertens2022liquidity,
  title={Liquidity fluctuations and the latent dynamics of price impact},
  author={Mertens, Luca Philippe and Ciacci, Alberto and Lillo, Fabrizio and Livieri, Giulia},
  journal={Quantitative Finance},
  volume={22},
  number={1},
  pages={149--169},
  year={2022},
  publisher={Taylor \& Francis}
}

@article{bertsimas1998optimal,
  title={Optimal control of execution costs},
  author={Bertsimas, Dimitris and Lo, Andrew W},
  journal={Journal of financial markets},
  volume={1},
  number={1},
  pages={1--50},
  year={1998},
  publisher={Elsevier}
}

@article{almgren2005direct,
  title={Direct estimation of equity market impact},
  author={Almgren, Robert and Thum, Chee and Hauptmann, Emmanuel and Li, Hong},
  journal={Risk},
  volume={18},
  number={7},
  pages={58--62},
  year={2005}
}

@article{bouchaud2003fluctuations,
  title={Fluctuations and response in financial markets: the subtle nature ofrandom'price changes},
  author={Bouchaud, Jean-Philippe and Gefen, Yuval and Potters, Marc and Wyart, Matthieu},
  journal={Quantitative finance},
  volume={4},
  number={2},
  pages={176},
  year={2003},
  publisher={IOP Publishing}
}

@incollection{bouchaud2009markets,
  title={How markets slowly digest changes in supply and demand},
  author={Bouchaud, Jean-Philippe and Farmer, J Doyne and Lillo, Fabrizio},
  booktitle={Handbook of financial markets: dynamics and evolution},
  pages={57--160},
  year={2009},
  publisher={Elsevier}
}

@article{schied2010optimal,
  title={Optimal basket liquidation for CARA investors is deterministic},
  author={Schied, Alexander and Sch{\"o}neborn, Torsten and Tehranchi, Michael},
  journal={Applied Mathematical Finance},
  volume={17},
  number={6},
  pages={471--489},
  year={2010},
  publisher={Taylor \& Francis}
}
%%%%%%%%%%%%%%%%%%%%%%%%%%%%%%%%%%%%%5 LIBRI %%%%%%%%%%%%%%%%%%%%%%%%%%%%%%%
@book{cartea2015algorithmic,
  title={Algorithmic and high-frequency trading},
  author={Cartea, {\'A}lvaro and Jaimungal, Sebastian and Penalva, Jos{\'e}},
  year={2015},
  publisher={Cambridge University Press}
}

@article{sutton1998reinforcement,
  title={Reinforcement learning: an introduction MIT Press},
  author={Sutton, Richard S and Barto, Andrew G},
  journal={Cambridge, MA},
  volume={22447},
  year={1998}
}



@article{barger2019optimal,
  title={Optimal liquidation under stochastic price impact},
  author={Barger, Weston and Lorig, Matthew},
  journal={International Journal of Theoretical and Applied Finance},
  volume={22},
  number={02},
  pages={1850059},
  year={2019},
  publisher={World Scientific}
}

@article{campigli2022measuring,
  title={Measuring price impact and information content of trades in a time-varying setting},
  author={Campigli, F and Bormetti, G and Lillo, F},
  journal={arXiv e-prints},
  pages={arXiv:2212.12687},
  year={2022}
}

@article{macrÃ¬2024reinforcement,
    author = {Andrea MacrÃ¬ and Fabrizio Lillo},
    title = {Reinforcement Learning for Optimal Execution when Liquidity is Time-Varying},
    journal = {arXiv e-prints: 2402.12049},
    year = {2024}
}

%@misc{macrÃ¬2024reinforcement,
%      title={Reinforcement Learning for Optimal Execution when Liquidity is Time-%Varying}, 
%      author={Andrea MacrÃ¬ and Fabrizio Lillo},
%      year={2024},
%      eprint={2402.12049},
%      archivePrefix={arXiv}
%      %primaryClass={q-fin.TR}
%}